@inproceedings{WACVpaper,
  title={FARSA: Fully Automated Roadway Safety Assessment},
  author={Weilian Song and Scott Workman and Armin Hadzic and Xu Zhang and Eric Green and Mei Chen and Reginald Souleyrette and Nathan Jacobs},
  booktitle={IEEE Winter Conference on Applications of Computer Vision (WACV)},
  year={March 2018},
}

@inproceedings{DCApaper,
  title={Estimation Displaced Populations from Overhead},
  author={Armin Hadzic and Gordon Christie and Jeffrey Freeman and Amber Dismer and Stevan Bullard and Ashley Greiner and Nathan Jacobs and Ryan Mukherjee},
  booktitle={IEEE International Geoscience and Remote Sensing Symposium (IGARSS)},
  year={September 2020},
}

@inproceedings{buckley2021interdisciplinary,
  title={An interdisciplinary approach to high school curriculum development: Swarming Powered by Neuroscience},
  author={Buckley, Elise and Monaco, Joseph D and Schultz, Kevin M and Chalmers, Robert and Hadzic, Armin and Zhang, Kechen and Hwang, Grace M and Carr, M Dwight},
  booktitle={Proceedings 2022 IEEE Integrated STEM Education Conference (ISEC)},
  year={March 2022},
  note={\textbf{Best Paper Award}}
}

@inproceedings{Low2High,
  title={Handling Image and Label Resolution Mismatch in Remote Sensing},
  author={Scott Workman and Armin Hadzic and M. Usman Rafique},
  booktitle={IEEE Winter Conference on Applications of Computer Vision (WACV)},
  year={January 2023},
}