@inproceedings{RasterNetpaper,
  title={Estimating Free-Flow Speed with LiDAR and Overhead Imagery},
  author={Armin Hadzic and Weilian Song and Scott Workman and Mei Chen and Nathan Jacobs},
  booktitle={IEEE/ISPRS Workshop: Large Scale Computer Vision for Remote Sensing Imagery (EARTHVISION)},
  year={June 2020},
  address={Seattle, Washington},
}