@article{paul2022tara,
  title={TARA: Training and Representation Alteration for AI Fairness and Domain Generalization},
  author={Paul, William and Hadzic, Armin and Joshi, Neil and Alajaji, Fady and Burlina, Philippe},
  journal={Neural Computation},
  pages={1--38},
  year={2022}
}