@inproceedings{WACVpaper,
  title={FARSA: Fully Automated Roadway Safety Assessment},
  author={Weilian Song and Scott Workman and Armin Hadzic and Xu Zhang and Eric Green and Mei Chen and Reginald Souleyrette and Nathan Jacobs},
  booktitle={IEEE Winter Conference on Applications of Computer Vision (WACV)},
  year={March 2018},
  address={Lake Tahoe, Nevada},
}

@inproceedings{DCApaper,
  title={Estimation Displaced Populations from Overhead},
  author={Armin Hadzic and Gordon Christie and Jeffrey Freeman and Amber Dismer and Stevan Bullard and Ashley Greiner and Nathan Jacobs and Ryan Mukherjee},
  booktitle={IEEE International Geoscience and Remote Sensing Symposium (IGARSS)},
  year={September 2020},
  address={Waikoloa Village, Hawaii},
}

@inproceedings{RasterNetpaper,
  title={RasterNet: Modeling Free-Flow Speed using LiDAR and Overhead Imagery},
  author={Armin Hadzic and Hunter Blanton and Weilian Song and Mei Chen and Scott Workman and Nathan Jacobs},
  booktitle={IEEE/ISPRS Workshop: Large Scale Computer Vision for Remote Sensing Imagery (EARTHVISION)},
  year={June 2020},
  address={Seattle, Washington},
}