@inproceedings{Motion,
  title={Image-Driven Traffic Modeling},
  author={Scott Workman and Armin Hadzic},
  booktitle={IEEE/CVF Conference on Computer Vision and Pattern Recognition (CVPR)},
  year={June 2023},
}