
@inproceedings{RasterNetpaper,
  title={RasterNet: Modeling Free-Flow Speed using LiDAR and Overhead Imagery},
  author={Armin Hadzic and Hunter Blanton and Weilian Song and Mei Chen and Scott Workman and Nathan Jacobs},
  booktitle={IEEE/ISPRS Workshop: Large Scale Computer Vision for Remote Sensing Imagery (EARTHVISION)},
  year={June 2020},
}

@inproceedings{chen2021safety,
  annotation = {abstract,remote_sensing,3d,pointcloud,lidar},
  author = {Chen, Mei and Hadzic, Armin and Song, Weilian and Jacobs, Nathan},
  booktitle = {Transportation Research Board Workshop},
  title = {Applications of Deep Machine Learning to Highway Safety and Usage Assessment},
  note = {(oral)},
  year = {January 2021},
}

@inproceedings{mukherjee2021towards,
  title={Towards Indirect Top-Down Road Transport Emissions Estimation},
  author={Mukherjee, Ryan and Rollend, Derek and Christie, Gordon and Hadzic, Armin and Matson, Sally and Saksena, Anshu and Hughes, Marisa},
  booktitle={IEEE/ISPRS Workshop: Large Scale Computer Vision for Remote Sensing Imagery (EARTHVISION)},
  year={June 2021},
  note={\textbf{Best Paper Award}},
}