@inproceedings{WACVpaper,
  title={FARSA: Fully Automated Roadway Safety Assessment},
  author={Weilian Song and Scott Workman and Armin Hadzic and Xu Zhang and Eric Green and Mei Chen and Reginald Souleyrette and Nathan Jacobs},
  booktitle={IEEE Winter Conference on Applications of Computer Vision},
  year={March 2018},
  note={(\textbf{WACV})},
  keywords={conferences}
}

@inproceedings{DCApaper,
  title={Estimation Displaced Populations from Overhead},
  author={Armin Hadzic and Gordon Christie and Jeffrey Freeman and Amber Dismer and Stevan Bullard and Ashley Greiner and Nathan Jacobs and Ryan Mukherjee},
  booktitle={IEEE International Geoscience and Remote Sensing Symposium},
  year={September 2020},
  note={(IGARSS)},
  keywords={conferences}
}

@inproceedings{buckley2021interdisciplinary,
  title={An interdisciplinary approach to high school curriculum development: Swarming Powered by Neuroscience},
  author={Buckley, Elise and Monaco, Joseph D and Schultz, Kevin M and Chalmers, Robert and Hadzic, Armin and Zhang, Kechen and Hwang, Grace M and Carr, M Dwight},
  booktitle={Proceedings 2022 IEEE Integrated STEM Education Conference},
  year={March 2022},
  note={(ISEC) \textbf{Best Paper Award}},
  keywords={conferences}
}

@inproceedings{Low2High,
  title={Handling Image and Label Resolution Mismatch in Remote Sensing},
  author={Scott Workman and Armin Hadzic and M. Usman Rafique},
  booktitle={IEEE Winter Conference on Applications of Computer Vision},
  year={January 2023},
  note={(\textbf{WACV})},
  keywords={conferences}
}

@inproceedings{yuan2023edgemixup,
  title={EdgeMixup: Embarrassingly Simple Data Alteration to Improve Lyme Disease Lesion Segmentation and Diagnosis Fairness},
  author={Yuan, Haolin and Aucott, John and Hadzic, Armin and Paul, William and Villegas de Flores, Marcia and Mathew, Philip and Burlina, Philippe and Cao, Yinzhi},
  booktitle={International Conference on Medical Image Computing and Computer-Assisted Intervention},
  pages={374--384},
  year={October 2023},
  note={(\textbf{MICCAI})},
  keywords={conferences}
}

@inproceedings{greenwell2024watch,
  title={WATCH: Wide-Area Terrestrial Change Hypercube},
  author={Greenwell, Connor and Crall, Jon and Purri, Matthew and Dana, Kristin and Jacobs, Nathan and Hadzic, Armin and Workman, Scott and Leotta, Matt},
  booktitle={Proceedings of the IEEE/CVF Winter Conference on Applications of Computer Vision},
  pages={8277--8286},
  year={2024},
  note={(\textbf{WACV})},
  keywords={conferences}
}

@inproceedings{ProbTraffic,
  title={Probabilistic Image-Driven Traffic Modeling via Remote Sensing},
  author={Workman, Scott and Hadzic, Armin},
  booktitle={European Conference on Computer Vision},
  year={2024},
  note={(\textbf{ECCV})},
  keywords={conferences}
}